<?xml version="1.0" encoding="UTF-8"?><collection xmlns="http://www.loc.gov/MARC21/slim"><record><leader>00359nam--2200133-i-4500</leader><controlfield tag="001">000018869</controlfield><controlfield tag="002">20161230</controlfield><controlfield tag="005">20161230201032</controlfield><controlfield tag="008">060222s1000------------r-----000-0-eng-d</controlfield><datafield ind1=" " ind2=" " tag="080"><subfield code="a">541.15</subfield></datafield><datafield ind1=" " ind2=" " tag="245"><subfield code="a">Pulse radiolysis</subfield></datafield><datafield ind1=" " ind2=" " tag="260"><subfield code="a">London, Academic Press, 1965.  Xii + 319 P</subfield></datafield><datafield ind1=" " ind2=" " tag="700"><subfield code="a">Ebert, M., Keene, J.P., Swallow, A.J. And Baxendale, J.H</subfield></datafield><datafield ind1=" " ind2=" " tag="852"><subfield code="a">24174</subfield></datafield></record></collection>